@inproceedings{paxos,
  author={Leslie Lamport},
  title={Paxos Made Simple},
  booktitle={ACM Sigact News},
  volume={32},
  issue={4},
  year={2001},
  pages={18-25}
}

@inproceedings{harp,
  author={Barbara Liskov et al},
  title={Replication in the Harp File System},
  booktitle={ACM},
  volume={25},
  issue={5},
  year={1991}
}

@inproceedings{fds,
  author={Edmund B Nightingale et al},
  title={Flat Datacenter Storage},
  booktitle={Proc. 10th USENIX Conference on Operating Systems Design and Implementation},
  year={2012}
}

@misc{Le,
  author = {littleBits},
  howpublished = "\url{www.littlebits.cc}",
  year = {2013}, 
  note = "[Online; accessed 01-Feb-2014]"
}

@misc{levigo,
  author = {jmhodges},
  title = {Go wrapper for LevelDB},
  howpublished = "\url{https://github.com/jmhodges/levigo}",
}

@misc{leveldb,
  author = {Google},
  title = {A fast and lightweight key/value database library by Google},
  howpublished = "\url{https://code.google.com/p/leveldb/}",
}